<?xml version="1.0" encoding="UTF-8"?><collection xmlns="http://www.loc.gov/MARC21/slim"><record><leader>00376nam--2200133-i-4500</leader><controlfield tag="001">000023996</controlfield><controlfield tag="002">20161230</controlfield><controlfield tag="005">20161230201035</controlfield><controlfield tag="008">060222s1000------------r-----000-0-eng-d</controlfield><datafield ind1=" " ind2=" " tag="080"><subfield code="a">512.5(075.8)</subfield></datafield><datafield ind1=" " ind2=" " tag="245"><subfield code="a">Algebra.editia a iii-a revizuita si completata</subfield></datafield><datafield ind1=" " ind2=" " tag="260"><subfield code="a">Bucuresti,Editura Didactica Si Pedagogica, 1981. 399p</subfield></datafield><datafield ind1=" " ind2=" " tag="700"><subfield code="a">Ion, Ion D., Nicolae, Radu</subfield></datafield><datafield ind1=" " ind2=" " tag="852"><subfield code="a">48810</subfield></datafield></record></collection>